@ARTICLE {rocha,
    author  = "Universidad Carlos III",
    title   = "Conversion CA_CA",
    journal = "Universidad Carlos III",
    year    = "2014",
    note    = "http://ocw.uc3m.es/tecnologia-electronica/electronica-de-potencia/material-de-clase-1/MC-F-004.pdf"
}